@article{sdex_publikacja_2017,
 author = {Piotr Milczarski, Artur Hłobaż, Krzysztof Podlaski},
 title = {Analysis of enhanced SDEx method},
 journal = {The 9th IEEE International Conference on Intelligent Data Acquisition and Advanced Computing Systems: Technology and Applications (IDAACS)},
 volume = {68},
 month = sep,
 year = {2017},
 pages = {1047--1048},
 doi = {10.1109/IDAACS.2017.8095245},
 publisher = {IEEE},
}

@article{sdex_publikacja_2022,
 author = {Artur Hłobaż},
 title = {Analysis of the Possibility of Using Selected Hash Functions Submitted for the SHA-3 Competition in the SDEx Encryption Method},
 journal = {INTL JOURNAL OF ELECTRONICS AND TELECOMMUNICATIONS},
 volume = {68},
 month = jan,
 year = {2022},
 pages = {60--61},
 articleno = {1},
 numpages = {1.54},
 doi = {10.24425/ijet.2022.139848},
 publisher = {jet},
}

@article{sdex_publikacja_2016,
 author = {Krzysztof Podlaski, Artur Hłobaż, Piotr Milczarski},
 title = {Secure Data Exchange Based on Social Network Public Key Distribution},
 year = {2016},
 pages = {56--57},
 publisher = {Faculty of Physics and Applied Informatics, University of Lodz},
}

@article{android_vs_web_energy_efficiency_comparison,
 author = {Ruben Horn and others},
 title = {Native vs Web Apps: Comparing the Energy Consumption and Performance of Android Apps and their Web Counterparts},
 year = {2023},
 pages = {5--7},
 publisher = {Vrije Universiteit Amsterdam, The Netherlands},
}

@mastersthesis{android_vs_react_native_performance_comparison,
 author = {Niclas Hansson, Tomas Vidhall},
 title = {Effects on performance and usability for cross-platform application development using React Native},
 year = {2016},
 pages = {34--43},
 school = {Linköping University, Department of Computer and Information Science, Human-Centered systems},
 keywords = {React Native, Cross-platform, Android, iOS, Evaluation}
}

@online{rsa_signing_and_verification,
	author = "Rajesh Bondugula",
	title = "RSA public key: Behind the scene",
	url  = "https://medium.com/@bn121rajesh/understanding-rsa-public-key-70d900b1033c",
	addendum = "(dostęp: 05.02.2024)"
}

@online{qr_code_erorr_correction,
	author = {{DENSO WAVE INCORPORATED}},
	title = "QRCode.com",
	url  = "https://www.qrcode.com/en/about/error_correction.html",
	addendum = "(dostęp: 05.02.2024)"
}

@online{mobile_applications_typology,
	author = {{KMS SOLUTIONS}},
	title = "Mobile Application Development: A Comprehensive Guide",
	url  = "https://blog.kms-solutions.asia/an-ultimate-guide-to-mobile-application-development",
	addendum = "(dostęp: 06.02.2024)"
}

@online{mobile_applications_typology_2,
	author = {{Webiotic}},
	title = "Different Types of Mobile App Development",
	url  = "https://www.webiotic.com/different-types-of-mobile-app-development/",
	addendum = "(dostęp: 06.02.2024)"
}

@online{react_native,
	author = {{Meta Platforms, Inc.}},
	title = "React Native",
	url  = "https://reactnative.dev/",
	addendum = "(dostęp: 08.02.2024)"
}

@online{reacti_native_use_statistics,
	author = {{Enlyft}},
	title = {Companies using React Native},
	url  = {https://enlyft.com/tech/products/react-native},
	addendum = {(dostęp: 05.02.2024)}
}

@online{fastapi_features,
	author = {Sebastián Ramírez},
	title = {FastAPI - benchmarks},
	url  = {https://fastapi.tiangolo.com/benchmarks/},
	addendum = {(dostęp: 05.02.2024)}
}

@online{fastapi_performance,
	author = {{TechEmpower}},
	title = {Web Framework Benchmarks},
	url  = {https://www.techempower.com/benchmarks/#section=data-r22&hw=ph&test=fortune&l=zijzen-sf},
	addendum = {(dostęp: 05.02.2024)}
}

@online{rest_vs_websockets,
	author = {Jeff Carnahan (Windows Apps Team)},
	title = {When to use a HTTP call instead of a WebSocket (or HTTP 2.0)},
	url  = {https://blogs.windows.com/windowsdeveloper/2016/03/14/when-to-use-a-http-call-instead-of-a-websocket-or-http-2-0/},
	addendum = {(dostęp: 05.02.2024)}
}

@online{rest_vs_websockets_2,
	author = {{Ably}},
	title = {WebSocket vs REST use cases},
	url  = {https://ably.com/topic/websocket-vs-rest},
	addendum = {(dostęp: 05.02.2024)}
}

@online{meta_opensource,
	author = {{Meta Open Source}},
	title = {Meta Open Source - About},
	url  = {https://opensource.fb.com/about},
	addendum = {(dostęp: 05.02.2024)}
}

@online{poetry,
	author = {Sébastien Eustace},
	title = {Poetry - Python packaging and dependency management made easy},
	url  = {https://python-poetry.org/},
	addendum = {(dostęp: 05.02.2024)}
}

@online{android_studio,
	author = {{Google}},
	title = {Android Studio},
	url  = {https://developer.android.com/studio},
	addendum = {(dostęp: 05.02.2024)}
}
